<record><leader>00000cas a22000007a 4500</leader><controlfield tag="001">34046063</controlfield><controlfield tag="008">960117d19761979akuwr ne      0    0eng d</controlfield><datafield ind1=" " ind2=" " tag="010"><subfield code="a">sn 95060094 </subfield></datafield><datafield ind1=" " ind2=" " tag="040"><subfield code="a">ANE</subfield><subfield code="b">eng</subfield><subfield code="c">ANE</subfield><subfield code="d">OCLCQ</subfield><subfield code="d">OCLCO</subfield></datafield><datafield ind1="1" ind2=" " tag="029"><subfield code="a">AU@</subfield><subfield code="b">000012204395</subfield></datafield><datafield ind1=" " ind2=" " tag="042"><subfield code="a">msc</subfield></datafield><datafield ind1=" " ind2=" " tag="043"><subfield code="a">n-us-ak</subfield></datafield><datafield ind1="0" ind2="0" tag="245"><subfield code="a">Adak eagle's call.</subfield></datafield><datafield ind1="1" ind2="3" tag="246"><subfield code="a">Eagle's call</subfield></datafield><datafield ind1=" " ind2=" " tag="260"><subfield code="a">Adak, Alaska :</subfield><subfield code="b">Naval Station,</subfield><subfield code="c">1976-1979.</subfield></datafield><datafield ind1=" " ind2=" " tag="300"><subfield code="a">4 v.</subfield></datafield><datafield ind1=" " ind2=" " tag="310"><subfield code="a">Weekly</subfield></datafield><datafield ind1="0" ind2=" " tag="362"><subfield code="a">Vol. 1, no. 1 (May 7, 1976)-v. 4, no. 22 (June 8, 1979).</subfield></datafield><datafield ind1=" " ind2=" " tag="500"><subfield code="a">May 7, 1976 issue has title: Eagle's call.</subfield></datafield><datafield ind1=" " ind2=" " tag="515"><subfield code="a">Issue numbering irregular.</subfield></datafield><datafield ind1=" " ind2="0" tag="650"><subfield code="a">Military bases</subfield><subfield code="z">Alaska</subfield><subfield code="v">Newspapers.</subfield></datafield><datafield ind1=" " ind2="0" tag="651"><subfield code="a">Adak (Alaska)</subfield><subfield code="v">Newspapers.</subfield></datafield><datafield ind1=" " ind2=" " tag="752"><subfield code="a">United States</subfield><subfield code="b">Alaska</subfield><subfield code="d">Adak.</subfield></datafield><datafield ind1="0" ind2="4" tag="780"><subfield code="t">Adak sun</subfield><subfield code="w">(DLC)sn 96060044</subfield><subfield code="w">(OCoLC)34774812</subfield></datafield><datafield ind1="0" ind2="4" tag="780"><subfield code="t">Tundra times (Adak, Alaska : 1972)</subfield><subfield code="w">(DLC)sn 98060268</subfield><subfield code="w">(OCoLC)39228084</subfield></datafield><datafield ind1="0" ind2="0" tag="785"><subfield code="t">Eagle's call (Adak, Alaska)</subfield><subfield code="w">(DLC)sn 95060095</subfield><subfield code="w">(OCoLC)34046068</subfield></datafield></record>